<?xml version="1.0" encoding="UTF-8"?><collection xmlns="http://www.loc.gov/MARC21/slim"><record><leader>00500nam--2200181-u-4500</leader><controlfield tag="001">000053431</controlfield><controlfield tag="002">20161230</controlfield><controlfield tag="005">20161230201051</controlfield><controlfield tag="008">110404s1000------------r-----000-0-eng-d</controlfield><datafield ind1=" " ind2=" " tag="020"><subfield code="a">1860944272</subfield></datafield><datafield ind1=" " ind2=" " tag="040"><subfield code="a">IFIN-HH</subfield></datafield><datafield ind1=" " ind2=" " tag="080"><subfield code="a">530.12:530.145(075)</subfield></datafield><datafield ind1="1" ind2=" " tag="100"><subfield code="a">Szabo, Richard J</subfield></datafield><datafield ind1="1" ind2="0" tag="245"><subfield code="a">An introduction to string theory and d-brane dynamics</subfield><subfield code="c">Richard j. szabo</subfield></datafield><datafield ind1=" " ind2=" " tag="260"><subfield code="a">London</subfield><subfield code="b">Imperial College Press</subfield><subfield code="c">2004</subfield></datafield><datafield ind1=" " ind2=" " tag="300"><subfield code="a">128P</subfield></datafield><datafield ind1=" " ind2=" " tag="852"><subfield code="a">81661</subfield><subfield code="c">530.145</subfield></datafield><datafield ind1=" " ind2=" " tag="CAT"><subfield code="a">Sys</subfield><subfield code="c">20110404</subfield><subfield code="h">125755</subfield></datafield></record></collection>